@inproceedings{haas2017bringing,
  title={Bringing the web up to speed with WebAssembly},
  author={Haas, Andreas and Rossberg, Andreas and Schuff, Derek L and Titzer, Ben L and Holman, Michael and Gohman, Dan and Wagner, Luke and Zakai, Alon and Bastien, JF},
  booktitle={Proceedings of the 38th ACM SIGPLAN conference on programming language design and implementation},
  pages={185--200},
  year={2017}
}
